@inproceedings{mikolov2010recurrent,
  title={Recurrent neural network based language model},
  author={Mikolov, Tom{\'a}{\v{s}} and Karafi{\'a}t, Martin and Burget, Luk{\'a}{\v{s}} and {\v{C}}ernock{\`y}, Jan and Khudanpur, Sanjeev},
  booktitle={Eleventh annual conference of the international speech communication association},
  year={2010}
}

@article{zaremba2014recurrent,
  title={Recurrent neural network regularization},
  author={Zaremba, Wojciech and Sutskever, Ilya and Vinyals, Oriol},
  journal={arXiv preprint arXiv:1409.2329},
  year={2014}
}

@inproceedings{dahl2013large,
  title={Large-scale malware classification using random projections and neural networks},
  author={Dahl, George E and Stokes, Jack W and Deng, Li and Yu, Dong},
  booktitle={2013 IEEE International Conference on Acoustics, Speech and Signal Processing},
  pages={3422--3426},
  year={2013},
  organization={IEEE}
}

@inproceedings{sutskever2011generating,
  title={Generating text with recurrent neural networks},
  author={Sutskever, Ilya and Martens, James and Hinton, Geoffrey E},
  booktitle={Proceedings of the 28th International Conference on Machine Learning (ICML-11)},
  pages={1017--1024},
  year={2011}
}

@misc{chebysev_sinitsyn_parinov_kupreev_lopatin_liskin, title={IT threat evolution Q3 2018. Statistics}, url={https://securelist.com/it-threat-evolution-q3-2018-statistics/88689/}, journal={Securelist - Kaspersky Lab's cyberthreat research and reports}, author={Chebysev, Victor and Sinitsyn, Fedor and Parinov, Denis and Kupreev, Oleg and Lopatin, Evgeny and Liskin, Alexander}}

@article{isaacs1957virus,
  title={Virus interference. I. The interferon},
  author={Isaacs, Alick and Lindenmann, Jean},
  journal={Proceedings of the Royal Society of London. Series B-Biological Sciences},
  volume={147},
  number={927},
  pages={258--267},
  year={1957},
  publisher={The Royal Society London}
}

@misc{chollet2015keras,
  title={Keras},
  author={Chollet, Fran\c{c}ois and others},
  year={2015},
  howpublished={\url{https://keras.io}},
}